@book{openshaw1983modifiable,
  title = {The Modifiable Areal Unit Problem},
  author = {Openshaw, S.},
  year = {1983},
  series = {Concepts and Techniques in Modern Geography},
  publisher = {Geo Books},
  isbn = {978-0-86094-134-7},
  lccn = {84184872}
}


@article{fleischmann2022methodological,
  title={Methodological foundation of a numerical taxonomy of urban form},
  author={Fleischmann, Martin and Feliciotti, Alessandra and Romice, Ombretta and Porta, Sergio},
  journal={Environment and Planning B: Urban Analytics and City Science},
  volume={49},
  number={4},
  pages={1283--1299},
  year={2022},
  publisher={SAGE Publications Sage UK: London, England}
}

@article{fleischmann2021measuring,
  title={Measuring urban form: Overcoming terminological inconsistencies for a quantitative and comprehensive morphologic analysis of cities},
  author={Fleischmann, Martin and Romice, Ombretta and Porta, Sergio},
  journal={Environment and Planning B: Urban Analytics and City Science},
  volume={48},
  number={8},
  pages={2133--2150},
  year={2021},
  publisher={SAGE Publications Sage UK: London, England}
}

@article{arribas2022spatial,
  title={Spatial Signatures-Understanding (urban) spaces through form and function},
  author={Arribas-Bel, Daniel and Fleischmann, Martin},
  journal={Habitat International},
  volume={128},
  pages={102641},
  year={2022},
  publisher={Elsevier}
}


@article{fleischmann2022geographical,
  title={Geographical characterisation of British urban form and function using the spatial signatures framework},
  author={Fleischmann, Martin and Arribas-Bel, Daniel},
  journal={Scientific Data},
  volume={9},
  number={1},
  pages={546},
  year={2022},
  publisher={Nature Publishing Group UK London}
}

@article{samardzhiev2022functional,
  title={Functional signatures in Great Britain: A dataset},
  author={Samardzhiev, Krasen and Fleischmann, Martin and Arribas-Bel, Daniel and Calafiore, Alessia and Rowe, Francisco},
  journal={Data in brief},
  volume={43},
  pages={108335},
  year={2022},
  publisher={Elsevier}
}

@article{araldimulti,
  title={Multi-Level Street-Based Analysis of the Urban Fabric: Developments for a Nationwide Taxonomy},
  author={Araldi, Alessandro and Fusco, Giovanni},
  journal={Geographical Analysis},
  publisher={Wiley Online Library}
}

@article{dibble2019origin,
  title={On the origin of spaces: Morphometric foundations of urban form evolution},
  author={Dibble, Jacob and Prelorendjos, Alexios and Romice, Ombretta and Zanella, Mattia and Strano, Emanuele and Pagel, Mark and Porta, Sergio},
  journal={Environment and Planning B: Urban Analytics and City Science},
  volume={46},
  number={4},
  pages={707--730},
  year={2019},
  publisher={SAGE Publications Sage UK: London, England}
}

@INPROCEEDINGS{dogrusoz2007modeling,
  author={Dogrusoz, Emel and Aksoy, Selim},
  booktitle={2007 IEEE 15th Signal Processing and Communications Applications}, 
  title={Modeling Urbanization Using Building Patterns}, 
  year={2007},
  volume={},
  number={},
  pages={1-4},
  keywords={Model driven engineering;Data mining;Bayesian methods;Frequency domain analysis;Image segmentation;Layout},
  doi={10.1109/SIU.2007.4298764}}



@article{araldi2019street,
author = {Alessandro Araldi and Giovanni Fusco},
title ={From the street to the metropolitan region: Pedestrian perspective in urban fabric analysis},

journal = {Environment and Planning B: Urban Analytics and City Science},
volume = {46},
number = {7},
pages = {1243-1263},
year = {2019},
doi = {10.1177/2399808319832612},
}

@article{calafiore2023inequalities,
  title={Inequalities in experiencing urban functions. An exploration of human digital (geo-) footprints},
  author={Calafiore, Alessia and Samardzhiev, Krasen and Rowe, Francisco and Fleischmann, Martin and Arribas-Bel, Daniel},
  journal={Environment and Planning B: Urban Analytics and City Science},
  pages={23998083231208507},
  year={2023},
  publisher={SAGE Publications Sage UK: London, England}
}

@phdthesis{samardzhiev2023characterising,
  title={Characterising urban processes using new forms of data and analysis},
  author={Samardzhiev, Krasen Petrov},
  year={2023},
  school={University of Liverpool United Kingdom}
}

@article{primus,
  title={Numerical taxonomy of urban fabric in Central Europe},
  author={Fleischmann, Martin and Samardzhiev, Krasen},
  year={Forthcoming},
}

@article{esch2010how,
  title = {How can earth observation support the sustainable development of urban environments?},
  language = {en},
  journal = {Urban Remote Sensing},
  author = {Esch, Thomas and Taubenb√∂ck, Hannes and Heldens, Wieke and Thiel, Michael and Wurm, Michael and Dech, Stefan},
  year = {2010},
}

@article{ma2019deep,
  title = {Deep learning in remote sensing applications: {A} meta-analysis and review},
  volume = {152},
  issn = {0924-2716},
  shorttitle = {Deep learning in remote sensing applications},
  url = {http://www.sciencedirect.com/science/article/pii/S0924271619301108},
  doi = {10.1016/j.isprsjprs.2019.04.015},
  urldate = {2019-10-29},
  journal = {ISPRS Journal of Photogrammetry and Remote Sensing},
  author = {Ma, Lei and Liu, Yu and Zhang, Xueliang and Ye, Yuanxin and Yin, Gaofei and Johnson, Brian Alan},
  month = jun,
  year = {2019},
  keywords = {Deep learning (DL), LULC classification, Object detection, Remote sensing, Scene classification},
  pages = {166--177},
}

@article{ibrahim2020understanding,
  title = {Understanding cities with machine eyes: {A} review of deep computer vision in urban analytics},
  volume = {96},
  issn = {0264-2751},
  shorttitle = {Understanding cities with machine eyes},
  url = {https://www.sciencedirect.com/science/article/pii/S0264275119308443},
  doi = {10.1016/j.cities.2019.102481},
  urldate = {2023-03-31},
  journal = {Cities},
  author = {Ibrahim, Mohamed R. and Haworth, James and Cheng, Tao},
  month = jan,
  year = {2020},
  keywords = {Cities, Computer vision, Convolutional neural networks (CNN), Deep learning, Urban studies},
  pages = {102481},
}

@article{huang2018urban,
  title = {Urban land-use mapping using a deep convolutional neural network with high spatial resolution multispectral remote sensing imagery},
  volume = {214},
  issn = {0034-4257},
  url = {https://www.sciencedirect.com/science/article/pii/S0034425718302074},
  doi = {10.1016/j.rse.2018.04.050},
  language = {en},
  urldate = {2023-01-25},
  journal = {Remote Sensing of Environment},
  author = {Huang, Bo and Zhao, Bei and Song, Yimeng},
  month = sep,
  year = {2018},
  keywords = {Classification, Deep convolutional neural networks, High spatial resolution, Land-use mapping, Multispectral remote sensing image, Skeleton extraction, Street block, Transfer learning},
  pages = {73--86},
}

@article{rolf2021generalizable,
  title = {A generalizable and accessible approach to machine learning with global satellite imagery},
  volume = {12},
  copyright = {2021 The Author(s)},
  issn = {2041-1723},
  url = {https://www.nature.com/articles/s41467-021-24638-z},
  doi = {10.1038/s41467-021-24638-z},
  language = {en},
  number = {1},
  urldate = {2021-08-09},
  journal = {Nature Communications},
  author = {Rolf, Esther and Proctor, Jonathan and Carleton, Tamma and Bolliger, Ian and Shankar, Vaishaal and Ishihara, Miyabi and Recht, Benjamin and Hsiang, Solomon},
  month = jul,
  year = {2021},
}

@misc{lu2024ai,
  title = {{AI} {Foundation} {Models} in {Remote} {Sensing}: {A} {Survey}},
  shorttitle = {{AI} {Foundation} {Models} in {Remote} {Sensing}},
  url = {http://arxiv.org/abs/2408.03464},
  doi = {10.48550/arXiv.2408.03464},
  urldate = {2024-08-09},
  publisher = {arXiv},
  author = {Lu, Siqi and Guo, Junlin and Zimmer-Dauphinee, James R. and Nieusma, Jordan M. and Wang, Xiao and VanValkenburgh, Parker and Wernke, Steven A. and Huo, Yuankai},
  month = aug,
  year = {2024},
  note = {arXiv:2408.03464 [cs]},
  keywords = {Computer Science - Computer Vision and Pattern Recognition, Computer Science - Machine Learning},
}

@misc{jakubik2023foundation,
  title = {Foundation {Models} for {Generalist} {Geospatial} {Artificial} {Intelligence}},
  url = {http://arxiv.org/abs/2310.18660},
  doi = {10.48550/arXiv.2310.18660},
  urldate = {2024-04-09},
  publisher = {arXiv},
  author = {Jakubik, Johannes and Roy, Sujit and Phillips, C. E. and Fraccaro, Paolo and Godwin, Denys and Zadrozny, Bianca and Szwarcman, Daniela and Gomes, Carlos and Nyirjesy, Gabby and Edwards, Blair and Kimura, Daiki and Simumba, Naomi and Chu, Linsong and Mukkavilli, S. Karthik and Lambhate, Devyani and Das, Kamal and Bangalore, Ranjini and Oliveira, Dario and Muszynski, Michal and Ankur, Kumar and Ramasubramanian, Muthukumaran and Gurung, Iksha and Khallaghi, Sam and Hanxi and Li and Cecil, Michael and Ahmadi, Maryam and Kordi, Fatemeh and Alemohammad, Hamed and Maskey, Manil and Ganti, Raghu and Weldemariam, Kommy and Ramachandran, Rahul},
  month = nov,
  year = {2023},
  note = {arXiv:2310.18660 [cs]},
  keywords = {Computer Science - Computer Vision and Pattern Recognition, Computer Science - Machine Learning},
}

@misc{bastani2023satlaspretrain,
  title = {{SatlasPretrain}: {A} {Large}-{Scale} {Dataset} for {Remote} {Sensing} {Image} {Understanding}},
  shorttitle = {{SatlasPretrain}},
  url = {http://arxiv.org/abs/2211.15660},
  language = {en},
  urldate = {2023-10-26},
  publisher = {arXiv},
  author = {Bastani, Favyen and Wolters, Piper and Gupta, Ritwik and Ferdinando, Joe and Kembhavi, Aniruddha},
  month = aug,
  year = {2023},
  note = {arXiv:2211.15660 [cs]},
  keywords = {Computer Science - Computer Vision and Pattern Recognition},
}

@article{corbane2020global,
  title = {A global cloud free pixel- based image composite from {Sentinel}-2 data},
  volume = {31},
  issn = {2352-3409},
  url = {https://www.sciencedirect.com/science/article/pii/S2352340920306314},
  doi = {10.1016/j.dib.2020.105737},
  urldate = {2024-01-15},
  journal = {Data in Brief},
  author = {Corbane, C. and Politis, P. and Kempeneers, P. and Simonetti, D. and Soille, P. and Burger, A. and Pesaresi, M. and Sabo, F. and Syrris, V. and Kemper, T.},
  month = aug,
  year = {2020},
  keywords = {Pixel based composite, Sentinel-2 satellite, land cover classification, large area mapping, remote sensing},
  pages = {105737},
}